@MISC{junit,
        title={Homepage des Test-Frameworks JUnit},
        author={JUnit-Developer},
				howpublished={\url{http://www.junit.org/index.htm}},
        year={2004}
}

@MISC{csv,
        title={The Comma Separated Value (CSV) File Format},
        author={John Repici},
				howpublished={\url{http://www.creativyst.com/Doc/Articles/CSV/CSV01.htm}},
        year={2004}
}

@MISC{xmldb,
        title={Homepage der XML:DB Initiative},
        author={The XML:DB Initiative.},
				howpublished={\url{http://xmldb-org.sourceforge.net/}},
        year={2003}
}

@MISC{designPattern,
        title={Designs Patterns},
        author={James W. Cooper},
				howpublished={\url{http://www.patterndepot.com/put/8/DesignJava.PDF}},
        year={1998}
}

@MISC{java,
        title={Java Technology Homepage},
        author={J2SE-Developers},
				howpublished={\url{http://www.java.sun.com}},
        year={2004}
}

@MISC{guiArchitektur,
        title={Liabolo GUI-Architektur},
        author={Jurij Henne},
				howpublished={\url{http://www.liabolo.org}},
        year={2004}
}

@MISC{synchronisation,
        title={Liabolo Synchronisation},
        author={Stefan Willer},
				howpublished={\url{http://www.liabolo.org}},
        year={2004}
}
