% include more than one bibliography files
%\bibliography{bib1,bib2,bib3}

%%%%%%%%%%%%%%%%%%%%%%%%%%%%%%%%%%
% Xindice
%%%%%%%%%%%%%%%%%%%%%%%%%%%%%%%%%%
@BOOK{xindice,
        title={Web Intelligence},
        author={Tim Berners-Li},
        publisher={Verlag des Buches},
        year={2001}
}

@MISC{xindice_admin_guide,
        title={Xindice Administration},
        author={Kimbro Staken},
howpublished={\url{http://xml.apache.org/xindice/guide-administrator.pdf}},
        year={2003},
        note={Version 0.6.1}
}
@MISC{xindice_user_guide,
        title={Xindice User Guide},
        author={Kimbro Staken},
        howpublished={\url{http://xml.apache.org/xindice/guide-user.pdf}},
        year={2003},
        note={Version 0.7.1}
}

@MISC{xindice_developer_guide,
        title={Xindice Developer Guide},
        author={Kimbro Staken},
        howpublished={\url{http://xml.apache.org/xindice/guide-developer.pdf}},
        year={2003},
        note={Version 0.7.1}
}

@MISC{xindice_tools,
        title={Xindice Command Line Tool Reference},
        author={Kimbro Staken},
        howpublished={\url{http://xml.apache.org/xindice/guide-tools.pdf}},
        year={2003},
        note={Version 0.9.2}
}

%%%%%%%%%%%%%%%%%%%%%%%%%%%%%%%%%%
% EXIST
%%%%%%%%%%%%%%%%%%%%%%%%%%%%%%%%%%

@MISC{exist_doc,
        title={eXist - Open Source XML Database},
        author={Wolfgang M. Meier},
        howpublished={\url{http://exist.sourceforge.net}},
        year={02/02/2004},
        note={Version 0.9.2}
}
@MISC{exist_doc2,
        title={eXist: An Open Source Native XML Database},
        author={Wolfgang Meier},
        howpublished={\url{http://exist-db.org/webdb.pdf}}
        }

@BOOK{xml_data_management,
        title={XML Data Management: Native XML and XML-Enabled Database Systems},
        author={Akmal B. Chaudhri, Awais Rashid, Roberto Zicari},
        publisher={Addison Wesley Professional},
        year={2003},
        note={Version 03/12/2003}
}

@MISC{xmldb_api,
        title={XML:DB-API},
        author={Kimbro Staken},
        howpublished={\url{http://www.xmldb.org/xapi/}},
        note={Version 20/09/2001}
        }

@MISC{xml_database_comparison,
        title={Vergleich XML-Datenbanken},
        author={Ronald Bourret},
        howpublished={\url{http://www.rpbourret.com/xml/XMLDatabaseProds.htm}},
        note={Version 13/08/2003}
        }

%%%%%%%%%%%%%%%%%%%%%%%%%%%%%%%%%%
% XPATH
%%%%%%%%%%%%%%%%%%%%%%%%%%%%%%%%%%

@MISC{xpath_tut,
        title={XPATH-Tutorial},
        author={Miloslav Nic, Jiri Jirat},
       
howpublished={\url{http://www.zvon.org/xxl/XPathTutorial/General/examples.html}},
        year={2000}
}

@MISC{xpath_spec,
        title={XPATH-Spezifikation},
        author={James Clark, Steve DeRose},
        howpublished={\url{http://www.w3.org/TR/1999/REC-xpath-19991116.html}},
        year={16/11/1999},
        note={Version1.0}
}

%%%%%%%%%%%%%%%%%%%%%%%%%%%%%%%%%%
% Software engineering
%%%%%%%%%%%%%%%%%%%%%%%%%%%%%%%%%%

@MISC{SEGlossary,
        title={Software Engineering Glossary},
        author={Ian Somerville},
       
howpublished={\url{http://www.comp.lancs.ac.uk/computing/resources/IanS/SE6/PDF/SEGlossary.pdf}},
        year={2003}        
}

@MISC{SESlides,
        title={Software Engineering Slides},
        author={Ian Somerville},
       
howpublished={\url{http://www.comp.lancs.ac.uk/computing/resources/IanS/SE6/Slides/index.html}},
        year={2003}
}

%%%%%%%%%%%%%%%%%%%%%%%%%%%%%%%%%%
% UML
%%%%%%%%%%%%%%%%%%%%%%%%%%%%%%%%%%

@MISC{UMLOMG,
        title={UML Formal Specification},
        author={Object Management Group (OMG)},
       
howpublished={\url{http://www.omg.org/cgi-bin/apps/doc?formal/03-03-01.pdf}},
        year={2003}
}

@MISC{Omondo,
        title={UML Plugin for Eclipse},
        howpublished={\url{http://www.omondo.com/index.jsp}},
}

@MISC{ArgoUML,
        title={ArgoUML Modelling tool},
        howpublished={\url{http://argouml.tigris.org/}}
        }

@MISC{DIA,
        title={DIA Homepage},
        howpublished={\url{http://www.lysator.liu.se/~alla/dia/}}
      	}
      	

%%%%%%%%%%%%%%%%%%%%%%%%%%%%%%%%%%
% OAI, DPSPACE, etc.
%%%%%%%%%%%%%%%%%%%%%%%%%%%%%%%%%%

@MISC{dspace_doc,
        howpublished={\url{http://dspace.org/technology/system-docs/}},
        title={DSpace System Documentation},
        author={Robert Tansley, Mick Bass},
        note={Version 29/08/2003}
        }


@MISC{oai_pmh,
        title={OAI-PMH Open Archives Initiative Protocol for Metadata Harvesting},
        author={Carl Lagoze, Herbert Van de Sompel},
        howpublished={\url{http://www.openarchives.org/OAI/openarchivesprotocol.html}},
        note={Version 2.0}
      	}      	

@MISC{openURL,
        howpublished={\url{http://www.sfxit.com/openurl/openurl.html}},
        author={Herbert Van de Sompel },
        title={OpenURL},
        note={Version 16/05/2000}
        }

%%%%%%%%%%%%%%%%%%%%%%%%%%%%%%%%%%
% Buildmanagement
%%%%%%%%%%%%%%%%%%%%%%%%%%%%%%%%%%

@MISC{ant_doc,
        title={The Apache Software Foundation; Dokumentation Ant},
        author={Stephane Bailliez, Nicola Ken Barozzi u.a.},
        howpublished={\url{http://jakarta.apache.org/ant/manual/index.html}},
        year={2004},
        note={Version 1.6.1}
}      	

@MISC{make_doc,
        title={GNU Project; Dokumentation Make},
        author={Richard Stallman, Roland McGrath},
       
howpublished={\url{http://www.gnu.org/software/make/manual/html\_mono/make.html}},
        year={2002},
        note={Version 3.8}
}

@MISC{make_ant_compare,
        title={Comparing ant and make as Java build tools},
        author={Kuro5hin},
        howpublished={\url{http://www.kuro5hin.org/story/2001/9/24/155525/350}},
        year={2001}
}

@MISC{koala_make,
        title={The Koala Project; Java tip of the day: Makefile},
        author={Philippe Kaplan},
        howpublished={\url{http://koala.ilog.fr/phk/java/make.html}},
        year={1998}
}

@MISC{make_alternative,
        title={Fleissige Ameise - Ant: Make-Alternative f?r Java},
        author={Michael Marr},
        howpublished={\url{http://www.mitlinx.de/webservices/art.htm}}
}

%%%%%%%%%%%%%%%%%%%%%%%%%%%%%%%%%%
% CVS
%%%%%%%%%%%%%%%%%%%%%%%%%%%%%%%%%%

@MISC{cvs_doc,
        title={Versionsmanagement with cvs},
        author={Roland Pesch},
       
howpublished={\url{http://ftp.cvshome.org/release/feature/cvs-1.12.5/cederqvist-1.12.5.pdf}},
        year={2003},
        note={Version 1.12.5}
}

%%%%%%%%%%%%%%%%%%%%%%%%%%%%%%%%%%
% XML
%%%%%%%%%%%%%%%%%%%%%%%%%%%%%%%%%%
@BOOK{xml_database,
        title={XML und Datenbanken},
        author={Wassilios Kazakos, Andreas Schmidt, Peter Tomczyk},
        publisher={Springer},
        year={2002}
}
@BOOK{xml_schema,
        title={XML Schema},
        author={Eric van der Vlist},
        publisher={O'Reilly},
        year={2002}
}
@MISC{xml_practical,
        title={XML in der Praxis, Online-Version},
        author={Henning Behme, Stefan Mintert},
	howpublished={\url{http://www.linkwerk.com/pub/xmlidp/2000/}}
}
@MISC{xml_w3c,
        title={XML Seite des W3C},
	author={World Wide Web Consortium},
        howpublished={\url{http://www.w3.org/XML/}}
}
@MISC{xml_cover,
        title={XML Cover Pages},
	author={Robin Cover},
        howpublished={\url{http://xml.coverpages.org/}}
}
@MISC{dublin_core,
        title={Dulin Core Metadate Initiative},
	author={Dublin Core Metadata Initiative},
        howpublished={\url{http://dublincore.org/}s}
}
%%%%%%%%%%%%%%%%%%%%%%%%%%%%%%%%%%
% Java
%%%%%%%%%%%%%%%%%%%%%%%%%%%%%%%%%%
@BOOK{goto_java2,
        title={GoTo Java 2},
        author={Guido Krüger},
        publisher={Addison Wesley},
        year={2001}
}

%%%%%%%%%%%%%%%%%%%%%%%%%%%%%%%%%%
% Signaturbildung
%%%%%%%%%%%%%%%%%%%%%%%%%%%%%%%%%%
@MISC{signatur_begriff,
        title={Wikipedia: Signatur},
        author={Wikipedia. Die freie Enzyklop\"adie},
        howpublished={\url{http://de.wikipedia.org/wiki/Signatur}}
}

@MISC{fachsystematik,
        title={Bremer Online Systematik},
        author={Staats- und Universit\"atsbibliothek Bremen},
        howpublished={\url{http://www.suub.uni-bremen.de/suche/brewis/browse.html}}
}

@MISC{rvk,
        title={Regensburger Verbundklassifikation online},
        author={Universit\"atsbibliothek Regensburg},
        howpublished={\url{http://www.bibliothek.uni-regensburg.de/rvko_neu/}}
}


@MISC{sig_regensburg,
        title={Regeln f\"ur die Signaturvergabe},
        author={Universit\"atsbibliothek Regensburg},
        howpublished={\url{http://www.bibliothek.uni-regensburg.de/Systematik/sigreg.html}}
}


@MISC{rfc2396,
        title={Uniform Resource Identifiers (URI): Generic Syntax},
        author={Berners-Lee, T. and Fielding, R. and Irvine, U.C. and Masinter, L.},
        howpublished={\url{http://www.ietf.org/rfc/rfc2396.txt}},
        year={1998}
}

@MISC{rfc2141,
        title={URN Syntax},
        author={Moats, R.},
        howpublished={\url{http://www.ietf.org/rfc/rfc2141.txt}},
        year={1997}
}

%%%%%%%%%%%%%%%%%%%%%%%%%%%%%%%%%%
% Software-Ergonomie
%%%%%%%%%%%%%%%%%%%%%%%%%%%%%%%%%%
@BOOK{You89,
        title={Modern Struktured Analyses},
        author={Yourdon, E.},
        publisher={Prentice Hall},
        year={1989}
}

@BOOK{MGP91,
        title={Strategien des Handelns.Pläne und Strukturen des Verhaltens},
        author={Miller, G.A. and Galanter, E. and Pribram, K.H},
        publisher={Klett-Cotta},
        year={1991}
}
@BOOK{Fre91,
        title={Fehlermanagement: Konzeptionelle Überlegungen},
        author={Frese, M.},
        publisher={Huber},
        year={1991}
}
@BOOK{Bro91,
        title={Fehlerbewähltigunsdauer und die Nutzung von Unterstützungsmöglichkeiten.},
        author={Brodbeck, F.C.},
        publisher={Huber},
        year={1991}
}
@BOOK{Zap91,
        title={Der Fehlerbewältigungsprozess},
        author={Zapf, D. and Lang, T. and Wittman, A.},
        publisher={Huber},
        year={1991}
}
@BOOK{Obe91,
        title={Perspektiven für die Gestaltung der Mensch-Computer-Interaktion},
        author={Oberquelle, H.},
        publisher={Teubner},
        year={1991}
}
@BOOK{Vol93,
        title={Von der Software-Ergonomie zur Arbeitsinformatik},
        author={Volpert, W.},
        publisher={Teubner},
        year={1993}
}
@BOOK{Mar92,
        title={Graphic Design for Electronic Documents and User Interfaces},
        author={Marcus, A.},
        publisher={ACM},
        year={1992}
}
@BOOK{Bal88,
        title={Der Fehlerbewältigungsprozess},
        author={Balzert, H.},
        publisher={de Gruyter},
        year={1988}
}
@BOOK{Shn92,
        title={Designing the User Interface. Strategies for Effective Human Computer Interaktion},
        author={Shneiderman},
        publisher={Addison-Wesley},
        year={1992}
}
@BOOK{Hak90,
        title={Psychische Regulation von Arbeitsätigkeiten - Ein Konzept in Entwicklung},
        author={Hacker, W. and Richter, P.},
        publisher={Huber},
        year={1990}
}
@BOOK{Haa92,
        title={Anpassbare Informationssysteme},
        author={Haaks, D.},
        publisher={Verlag für Angewandte Psychologie},
        year={1992}
}
@BOOK{Zie93,
        title={Entwurf graphischer Benutzungsschnittstellen},
        author={Ziegler, J.},
        publisher={Oldenbuorg},
        year={1993}
}
@BOOK{Rup87,
        title={Benutzerdokumentetion für Softwareprodukte},
        author={Rupietta},
        publisher={BI-Wissenschaftsverlag},
        year={1987}
}
%%%%%%%%%%%%%%%%%%%%%%%%%%%%%%%%%%
% Anforderungsanalyse
%%%%%%%%%%%%%%%%%%%%%%%%%%%%%%%%%%

@BOOK{oestereich,
        title={Objektorientierte Softwareentwicklung},
        author={Oestereich, Bernd},
        publisher={R. Oldenburg Verlag},
        year={1998}
}

@BOOK{balzert,
        title={Lehrbuch der Software-Technik},
        author={Balzert, Helmut},
        publisher={Spektrum Akademischer Verlag},
        year={1996}
}

%%%%%%%%%%%%%%%%%%%%%%%%%%%%%%%%%%
% Softwaretechnik
%%%%%%%%%%%%%%%%%%%%%%%%%%%%%%%%%%
@BOOK{Bald01,
        title={Lehrbuch der Software- Technik },
        author={Balzert, H.},
        publisher={Spektrum},
        year={2000}
}

%%%%%%%%%%%%%%%%%%%%%%%%%%%%%%%%%%
% MDI vs SDI
%%%%%%%%%%%%%%%%%%%%%%%%%%%%%%%%%%
@BOOK{MvS,
        title={Document/View Architecture Topics},
        author={Microsoft}, 				howpublished={\url{http://msdn.microsoft.com/library/default.asp?url=/library/en-us/vccore98/html/_core_document.2f.view_architecture_topics.asp}},
        year={2004}
}

%%%%%%%%%%%%%%%%%%%%%%%%%%%%%%%%%%
% PHP & GTK
%%%%%%%%%%%%%%%%%%%%%%%%%%%%%%%%%%
@MISC{PHP01,
        title={PHP: Hypertext Preprocessor},
        author={PHP Group},
        howpublished={\url{http://www.php.net}},
        year={2004}
}

@MISC{PHPGTK01,
        title={PHP-GTK+},
        author={PHP Group},
        howpublished={\url{http://gtk.php.net/}},
        year={2004}
}

%%%%%%%%%%%%%%%%%%%%%%%%%%%%%%%%%%
% DLP
%%%%%%%%%%%%%%%%%%%%%%%%%%%%%%%%%%
@MISC{DLP01,
        title={DLP - Distributed Library Project},
        author={Mike Benham},
        howpublished={\url{http://www.communitybooks.org/}},
        year={2004}
}
@MISC{DLP02,
        title={DLP - Distributed Library Project},
        author={},
        howpublished={\url{http://www.thoughtcrime.org/software/dlp/index.html}},
        year={2004}
}