@MISC{w3c_dom,
        title={DOM - Document Object Model},
        author={W3C},
				howpublished={\url{http://www.w3c.org/DOM/}},
        year={2004}
}

@MISC{xml_ol,
        title={Datenbanken und XML},
        author={Oliver Klein},
				howpublished={\url{http://www-is.informatik.uni-oldenburg.de/~grawund/Lehre/Seminare/WWD_2000_2001/Texte/DB_und_XML.pdf}},
        year={2001}
}

@MISC{w3c_xslt,
        title={XSL-Transformations Version 1.0},
        author={W3C},
				howpublished={\url{http://www.w3.org/TR/xslt}},
        year={1999}
}

@MISC{w3c_xpath,
        title={XML-Path Language Version 1.0},
        author={W3C},
				howpublished={\url{http://www.w3.org/TR/xpath}},
        year={1999}
}

@MISC{w3c_xquery,
        title={XML-Query XQUERY},
        author={W3C},
				howpublished={\url{http://www.w3.org/XML/Query}},
        year={2004}
}

@MISC{w3c_xupdate,
        title={XML:DB XUpdate Use Cases},
        author={Kimbro Staken},
				howpublished={\url{http://www.xmldatabases.org/projects/XUpdate-UseCases/}},
        year={2004}
}

@MISC{rest,
        title={Representational State Transfer},
        author={Roy T. Fielding},
				howpublished={\url{http://www.ics.uci.edu/~fielding/talks/webarch_9805/}},
        year={2002}
}

@MISC{exist,
        title={eXist Documentation},
        author={Wolfgang Meier},
				howpublished={\url{http://exist.sourceforge.net/documentation.html}},
        year={2004}
}

@MISC{xindice,
        title={Apache Xindice},
        author={Kimbro Staken},
				howpublished={\url{http://xml.apache.org/xindice/}},
        year={2004}
}

@MISC{dbXML,
        title={dbXMl Programmers Guide},
        author={dbXML},
				howpublished={\url{http://www.dbxml.com/docs/programmer.html}},
        year={2003}
}