@MISC{dublincore,
        title={Dublin Core Metadata Initiative },
        howpublished={\url{http://dublincore.org/}},
}

@MISC{gpl,
        title={GNU General Public License},
        howpublished={\url{http://www.gnu.org/copyleft/gpl.html}},
}

@MISC{sun,
        title={Sun Microsystems},
        howpublished={\url{http://www.sun.com/}},
}

@MISC{berlios,
        title={Liabolo unter Berlios},
        howpublished={\url{http://developer.berlios.de/projects/liabolo/}},
}

@MISC{xsl,
        title={The Extensible Stylesheet Language (XSL)},
        howpublished={\url{http://www.w3.org/Style/XSL/}},
        }

